@inproceedings{37648,
title = {Reading Digits in Natural Images with Unsupervised Feature Learning},
author  = {Yuval Netzer and Tao Wang and Adam Coates and Alessandro Bissacco and Bo Wu and Andrew Y. Ng},
year  = 2011,
URL = {http://ufldl.stanford.edu/housenumbers/nips2011_housenumbers.pdf},
booktitle = {NIPS Workshop on Deep Learning and Unsupervised Feature Learning 2011}
}

@article{DosovitskiySRB14,
  author    = {Alexey Dosovitskiy and
               Jost Tobias Springenberg and
               Martin Riedmiller and
               Thomas Brox},
  title     = {Discriminative Unsupervised Feature Learning with Convolutional Neural
               Networks},
  journal   = {CoRR},
  volume    = {abs/1406.6909},
  year      = {2014},
  url       = {http://arxiv.org/abs/1406.6909},
  timestamp = {Thu, 19 Jul 4436114 19:10:24 +},
  biburl    = {http://dblp.uni-trier.de/rec/bib/journals/corr/DosovitskiySRB14},
  bibsource = {dblp computer science bibliography, http://dblp.org}
}

@inproceedings{coates2011analysis,
  added-at = {2013-02-20T09:03:53.000+0100},
  author = {Coates, A. and Lee, H. and Ng, A.Y.},
  biburl = {http://www.bibsonomy.org/bibtex/2bcb2c1fd335ae57362cdf348ff727589/jaeschke},
  booktitle = {Proceedings of the Fourteenth International Conference on Artificial Intelligence and Statistics},
  editor = {Gordon, Geoffrey and Dunson, David and Dudík, Miroslav},
  interhash = {46cfb4b5b1c16c79a966512e07f67158},
  intrahash = {bcb2c1fd335ae57362cdf348ff727589},
  keywords = {feature learning machine ml unsupervised},
  pages = {215--223},
  publisher = {JMLR W\&CP},
  series = {JMLR Workshop and Conference Proceedings},
  timestamp = {2014-07-28T15:57:31.000+0200},
  title = {An analysis of single-layer networks in unsupervised feature learning},
  url = {http://jmlr.csail.mit.edu/proceedings/papers/v15/coates11a.html},
  volume = 15,
  year = 2011
}

@article{zhang15,
  author    = {Xiang Zhang and
               Yann LeCun},
  title     = {Text Understanding from Scratch},
  journal   = {CoRR},
  volume    = {abs/1502.01710},
  year      = {2015},
  url       = {http://arxiv.org/abs/1502.01710},
  timestamp = {Mon, 02 Mar 2015 14:17:34 +0100},
  biburl    = {http://dblp.uni-trier.de/rec/bib/journals/corr/ZhangL15},
  bibsource = {dblp computer science bibliography, http://dblp.org}
}

@book{manning12,
  Author    = {Christopher D. Manning and Prabhakar Raghavan and Hinrich Schütze},
  Title     = {Introduction to Information Retrieval},
  Publisher = {Cambridge University Press},
  Year      = {2012},
  ISBN      = {0511809077}
}

@InProceedings{pennington14,
author    = {Pennington, Jeffrey and
             Socher, Richard and
             Manning, Christopher},
title     = "Glove: Global Vectors for Word Representation",
booktitle = "Proceedings of the 2014 Conference on Empirical Methods in Natural Language Processing (EMNLP)",
year      = "2014",
publisher = "Association for Computational Linguistics",
pages     = "1532--1543",
location  = "Doha, Qatar",
url       = "http://aclweb.org/anthology/D14-1162"
}
